@article{1,
TITLE={Leading countries based on number of Twitter users as of October 2021},
PUBLISHER={Statista},
YEAR={2021},
url = {https://www.statista.com/statistics/242606/number-of-active-twitter-users-in-selected-countries/},
}

@article{2,
author = {Tauhid Zaman and
            Emily B. Fox and  
            Eric T. Bradlow},
TITLE={A bayesian approach for predicting the popularity of tweets},
PUBLISHER={The Annals of Applied Statistics},
YEAR={2014},
url = {https://arxiv.org/pdf/1304.6777.pdf#:~:text=We%20use%20a%20Bayesian%20model,summaries%20of%20the%20follower%20graphs.}
}


@article{3,
author = {Tauhid R. Zaman and 
            Ralf Herbrich and  
            Jurgen van Gael and 
            David Stern},
TITLE={Predicting Information Spreading in Twitter},
PUBLISHER={In Workshop on computational social science and the wisdom of crowds, nips },
YEAR={2010},
url = {https://www.microsoft.com/en-us/research/wp-content/uploads/2010/12/NIPS10_Twitter_final.pdf},
}

@article{4,
author = {Flavio Figueirdeo and
            Fabricio Benevenuto and 
            Jussara M. Almeida},
TITLE={The Tube Over Time: Characterizing Popularity Growth of Youtube Videos},
PUBLISHER={Association for Computing Machinery},
YEAR={2011},
url = {https://doi.org/10.1145/1935826.1935925},
}

@article{5,
author = {Zhongping Zhang and
            Tianlang Chen and
            Zheng Zhou and
            Jiaxin Li and
            Jiebo Luo},
TITLE={How to Become Instagram Famous: Post Popularity Prediction with Dual-Attention},
PUBLISHER={Computing Research Repository (CoRR)},
YEAR={2018},
url = {http://arxiv.org/abs/1809.09314},
}

@article{6,
author = {Kiran Garimella and
            Robert West},
TITLE={Evolution of Retweet Rates in Twitter User Careers: Analysis and Model},
PUBLISHER={Computing Research Repository (CoRR)},
YEAR={2021},
url = {https://arxiv.org/abs/2103.10754},
}

@article{7,
author = {Qingyuan Zhao and 
            Murat A. Erdogdu and  
            Hera Y. He and 
            Anand Rajaraman and 
            Jure Leskovec},
TITLE={SEISMIC: A Self-Exciting Point Process Model
for Predicting Tweet Popularity},
PUBLISHER={ACM SIGKDD Conference on Knowledge Discovery and Data Mining (KDD)},
YEAR={2015},
url = {http://snap.stanford.edu/seismic/seismic.pdf},
}

@article{8,
author = {Kiran Garimella and
            Robert West},
TITLE={Hot Streaks on Social Media},
PUBLISHER={Computing Research Repository (CoRR)},
YEAR={2019},
url = {http://arxiv.org/abs/1904.03301},
}

@article{9,
author = {Anatolly Gruzd and
            Philip Mai},
TITLE={Going Viral: How a Single Tweet Spawned a COVID-19 Conspiracy Theory on Twitter},
PUBLISHER={Big Data and Society},
YEAR={2020},
url = {https://doi.org/10.1177/2053951720938405},
}

@article{10,
author = {Kellie Crow and
            Ashish S. Galande and
            Mathew Chylinski and
            Frank Mathmann},
TITLE={Power and the Tweet: How Viral Messaging Conveys Political Advantage},
PUBLISHER={Journal of Public Policy & Marketing},
YEAR={2021},
url = {https://doi.org/10.1177/0743915621999036},
}

@article{11,
author = {Chris J. Vargo},
TITLE={Toward a Tweet Typology: Contributory Consumer Engagement With Brand Messages by Content Type},
PUBLISHER={Journal of Interactive Advertising},
YEAR={2016},
url = {https://doi.org/10.1007/s11908-020-00723-0},
}